<?xml version="1.0" encoding="UTF-8"?><collection xmlns="http://www.loc.gov/MARC21/slim"><record><leader>00349nam--2200133-i-4500</leader><controlfield tag="001">000044639</controlfield><controlfield tag="002">20161230</controlfield><controlfield tag="005">20161230201044</controlfield><controlfield tag="008">060222s1000------------r-----000-0-eng-d</controlfield><datafield ind1=" " ind2=" " tag="080"><subfield code="a">621.39</subfield></datafield><datafield ind1=" " ind2=" " tag="100"><subfield code="a">Thomas, Robert L</subfield></datafield><datafield ind1=" " ind2=" " tag="245"><subfield code="a">A practical introduction to impedance matching</subfield></datafield><datafield ind1=" " ind2=" " tag="260"><subfield code="a">Washington, Artech House, Inc., 1978, 175p</subfield></datafield><datafield ind1=" " ind2=" " tag="852"><subfield code="a">77455</subfield></datafield></record></collection>